@Book{Beispiel,
  author  = {Douglas Adams},
  title   = {{Per Anhalter durch die Galaxis}},
  year    = {2009},
  isbn    = {978-3453146976},
  month   = jan,
  url     = {https://www.amazon.de/Anhalter-durch-die-Galaxis/dp/3453146972},
  urldate = {2023-02-16},
}

@Comment{jabref-meta: databaseType:bibtex;}
